@article{DBLP:journals/corr/abs-1710-09282,
  author    = {Yu Cheng and
               Duo Wang and
               Pan Zhou and
               Tao Zhang},
  title     = {A Survey of Model Compression and Acceleration for Deep Neural Networks},
  journal   = {CoRR},
  volume    = {abs/1710.09282},
  year      = {2017},
  url       = {http://arxiv.org/abs/1710.09282},
  archivePrefix = {arXiv},
  eprint    = {1710.09282},
  timestamp = {Mon, 13 Aug 2018 16:48:38 +0200},
  biburl    = {https://dblp.org/rec/bib/journals/corr/abs-1710-09282},
  bibsource = {dblp computer science bibliography, https://dblp.org}
}

@inproceedings{yang2015deep,
  title={Deep fried convnets},
  author={Yang, Zichao and Moczulski, Marcin and Denil, Misha and de Freitas, Nando and Smola, Alex and Song, Le and Wang, Ziyu},
  booktitle={Proceedings of the IEEE International Conference on Computer Vision},
  pages={1476--1483},
  year={2015}
}


@Article{LeMagoarou2016Flexible,
	author    = {Le Magoarou, Luc and Gribonval, R\'emi},
	title     = {Flexible Multilayer Sparse Approximations of Matrices and Applications},
	journal   = {{{IEEE} Journal of Selected Topics in Signal Processing}},
	year      = {2016},
	volume    = {10},
	number    = {4},
	pages     = {688--700},
}

@Article{bolte2014proximal,
  author    = {Bolte, J{\'e}r{\^o}me and Sabach, Shoham and Teboulle, Marc},
  title     = {Proximal alternating linearized minimization or nonconvex and nonsmooth problems},
  journal   = {Mathematical Programming},
  year      = {2014},
  volume    = {146},
  number    = {1-2},
  pages     = {459--494},
  publisher = {Springer},
}

@Article{Morgenstern1975Linear,
  author     = {Morgenstern, Jacques},
  title      = {{The Linear Complexity of Computation}},
  journal    = {{Journal of the ACM}},
  year       = {1975},
  volume     = {22},
  number     = {2},
  pages      = {184--194},
  month      = apr,
  issn       = {0004-5411},
  acmid      = {321881},
  address    = {New York, NY, USA},
  doi        = {10.1145/321879.321881},
  issue_date = {April 1975},
  numpages   = {11},
  publisher  = {ACM},
  url        = {http://doi.acm.org/10.1145/321879.321881},
}

@misc{openai_aiandcompute,
  author = {Ingo Dario Amodei  and Danny Hernandez},
  title = {{AI and compute}},
  howpublished = "\url{https://openai.com/blog/ai-and-compute/}",
  year = {2018}, 
  note = "[Online; accessed September 20, 2019 ]"
}

@misc{amazon_inferencepower,
  author = {Andy Jassy},
  title = {{AWS re:Invent 2018 - Keynote}},
  howpublished = "\url{https://www.youtube.com/watch?v=ZOIkOnW640A}",
  year = {2018}, 
  note = "[Online; accessed September 20, 2019 ]"
}

@article{DBLP:journals/corr/abs-1906-02243,
  author    = {Emma Strubell and
               Ananya Ganesh and
               Andrew McCallum},
  title     = {Energy and Policy Considerations for Deep Learning in {NLP}},
  journal   = {CoRR},
  volume    = {abs/1906.02243},
  year      = {2019},
  url       = {http://arxiv.org/abs/1906.02243},
  archivePrefix = {arXiv},
  eprint    = {1906.02243},
  timestamp = {Thu, 13 Jun 2019 13:36:00 +0200},
  biburl    = {https://dblp.org/rec/bib/journals/corr/abs-1906-02243},
  bibsource = {dblp computer science bibliography, https://dblp.org}
}

